<record><leader>00000cas a22000007a 4500</leader><controlfield tag="001">25644949</controlfield><controlfield tag="008">920414d18791880ncuwr ne      0    0eng d</controlfield><datafield ind1=" " ind2=" " tag="010"><subfield code="a">sn 92073017 </subfield></datafield><datafield ind1=" " ind2=" " tag="040"><subfield code="a">NVJ</subfield><subfield code="b">eng</subfield><subfield code="c">NVJ</subfield><subfield code="d">OCLCQ</subfield></datafield><datafield ind1=" " ind2=" " tag="042"><subfield code="a">msc</subfield></datafield><datafield ind1="0" ind2=" " tag="130"><subfield code="a">Signal (Raleigh, N.C. : 1879)</subfield></datafield><datafield ind1="1" ind2="4" tag="245"><subfield code="a">The signal.</subfield></datafield><datafield ind1="1" ind2="3" tag="246"><subfield code="a">Daily signal</subfield><subfield code="f">Mar. 17-Mar. 28, 1880</subfield></datafield><datafield ind1=" " ind2=" " tag="260"><subfield code="a">Raleigh, N.C. :</subfield><subfield code="b">William J. Clarke</subfield></datafield><datafield ind1=" " ind2=" " tag="300"><subfield code="a">v.</subfield></datafield><datafield ind1=" " ind2=" " tag="310"><subfield code="a">Weekly</subfield></datafield><datafield ind1="0" ind2=" " tag="362"><subfield code="a">Vol. 1, no. 1 (Dec. 24, 1879)-v. 1, no. 26 (Aug. 19, 1880).</subfield></datafield><datafield ind1=" " ind2=" " tag="500"><subfield code="a">Published as a campaign paper as: The daily signal, Mar. 17, 1880-Mar. 28, 1880.</subfield></datafield><datafield ind1=" " ind2=" " tag="752"><subfield code="a">United States</subfield><subfield code="b">North Carolina</subfield><subfield code="c">Wake</subfield><subfield code="d">Raleigh.</subfield></datafield><datafield ind1="0" ind2="0" tag="785"><subfield code="t">Raleigh signal (Raleigh, N.C. : 1880)</subfield><subfield code="w">(DLC)sn 92073018</subfield></datafield></record>